<record><leader>00000cas a22000007a 4500</leader><controlfield tag="001">10933121</controlfield><controlfield tag="008">840710d18571861ohuwr ne      0    0eng d</controlfield><controlfield tag="009">3783</controlfield><datafield ind1=" " ind2=" " tag="010"><subfield code="a">sn 84028372 </subfield></datafield><datafield ind1=" " ind2=" " tag="040"><subfield code="a">NPY</subfield><subfield code="b">eng</subfield><subfield code="c">NPY</subfield><subfield code="d">ONP</subfield><subfield code="d">OCLCQ</subfield></datafield><datafield ind1=" " ind2=" " tag="042"><subfield code="a">msc</subfield></datafield><datafield ind1="0" ind2="4" tag="245"><subfield code="a">The Lorain County eagle.</subfield></datafield><datafield ind1="1" ind2="3" tag="246"><subfield code="a">Lorain eagle</subfield></datafield><datafield ind1=" " ind2=" " tag="260"><subfield code="a">Elyria, Lorain County, Ohio :</subfield><subfield code="b">A. &amp; T.J. Burrell,</subfield><subfield code="c">1857-</subfield></datafield><datafield ind1=" " ind2=" " tag="300"><subfield code="a">v.</subfield></datafield><datafield ind1=" " ind2=" " tag="310"><subfield code="a">Weekly</subfield></datafield><datafield ind1="0" ind2=" " tag="362"><subfield code="a">Vol. 1, no. 1 (Mar. 4, 1857)-</subfield></datafield><datafield ind1="1" ind2=" " tag="362"><subfield code="a">Ceased in Aug. 1861.</subfield></datafield><datafield ind1=" " ind2=" " tag="500"><subfield code="a">Publishers: A. &amp; T.J. Burrell, 1857-Mar. 23, 1858; Tower J. Burrell, Mar. 30, 1858-&lt;May&gt; 1861.</subfield></datafield><datafield ind1=" " ind2=" " tag="500"><subfield code="a">"Democratic."</subfield></datafield><datafield ind1=" " ind2=" " tag="500"><subfield code="a">"A family newspaper, devoted to morality, literature, agriculture, and to political and general intelligence."</subfield></datafield><datafield ind1=" " ind2=" " tag="752"><subfield code="a">United States</subfield><subfield code="b">Ohio</subfield><subfield code="c">Lorain</subfield><subfield code="d">Elyria.</subfield></datafield></record>